@misc{ga_web,
    author={Ananya Bal},
    title={Demystifying Genetic Algorithms to enhance Neural Networks},
    year={2019},
    publisher={Medium},
    url={https://medium.com/intel-student-ambassadors/demystifying-genetic-algorithms-to-enhance-neural-networks-cde902384b6e}
}
@misc{svm_pic,
    author={Data Flair},
    title={Support Vector Machines Tutorial – Learn to implement SVM in Python},
    year={2017},
    publisher={DataFlair},
    url={https://data-flair.training/blogs/svm-support-vector-machine-tutorial/}
}

%Essay
@incollection{ga,
    title={Genetic algorithm},
    author={Mirjalili, Seyedali},
    booktitle={Evolutionary algorithms and neural networks},
    pages={43--55},
    year={2019},
    publisher={Springer}
}
@article{dnazyme,
    title={DNAzymes: from creation in vitro to application in vivo},
    author={Achenbach, JC and Chiuman, W and Cruz, RPG and Li, Y},
    journal={Current pharmaceutical biotechnology},
    volume={5},
    number={4},
    pages={321--336},
    year={2004},
    publisher={Bentham Science Publishers}
}
@article{apps,
    title={Functional DNA nanotechnology: emerging applications of DNAzymes and aptamers},
    author={Lu, Yi and Liu, Juewen},
    journal={Current opinion in Biotechnology},
    volume={17},
    number={6},
    pages={580--588},
    year={2006},
    publisher={Elsevier}
}
@article{apps2,
    title={DNAzymes: selected for applications},
    author={Morrison, Devon and Rothenbroker, Meghan and Li, Yingfu},
    journal={Small Methods},
    volume={2},
    number={3},
    pages={1700319},
    year={2018},
    publisher={Wiley Online Library}
}
@article{selex,
    title={SELEX—a (r) evolutionary method to generate high-affinity nucleic acid ligands},
    author={Stoltenburg, Regina and Reinemann, Christine and Strehlitz, Beate},
    journal={Biomolecular engineering},
    volume={24},
    number={4},
    pages={381--403},
    year={2007},
    publisher={Elsevier}
}
@article{svm_dna,
    title={A brief survey on sequence classification},
    author={Xing, Zhengzheng and Pei, Jian and Keogh, Eamonn},
    journal={ACM Sigkdd Explorations Newsletter},
    volume={12},
    number={1},
    pages={40--48},
    year={2010},
    publisher={ACM New York, NY, USA}
}
@article{valid,
    title={Design of efficient DNAzymes against muscle AChR $\alpha$-subunit cRNA in vitro and in HEK 293 cells},
    author={Abdelgany, Amr and Uddin, M Khabir and Wood, Matthew and Taira, Kazunari and Beeson, David},
    journal={Journal of RNAi and Gene Silencing: An International Journal of RNA and Gene Targeting Research},
    volume={1},
    number={2},
    pages={88},
    year={2005},
    publisher={Library Publishing Media}
}

